
@Misc{gpfs-www,
  key =          "An Introduction to {GPFS} 1.2",
  title =        "An Introduction to {GPFS} 1.2",
  month =        dec,
  year =         "1998",
  howpublished = "{\url{
                 http://www.rs6000.ibm.com/resource/technology/paper1.html}}",
}

@Misc{mpi-2,
  author =       "{Message Passing Interface Forum}",
  title =        "{{MPI-2}: Extensions to the Message-Passing
                 Interface}",
  year =         "July 1997",
  note =         "{\url{http://www.mpi-forum.org/docs/docs.html}}",
}

@Misc{madgraph,
  author =       "{Junichi Kanzaki}",
  title =        "{MadGraph on GPU",
  year =         "Mary 19 2019",
  note =         "{\url{https://indico.cern.ch/event/759388/contributions/3303060/attachments/1814389/2965195/MadGraph_on_GPU.pdf}}",
}


@ONLINE {google-playground,
    author = "Google",
    title  = "Google Quantum Playground",
    url    = "http://www.quantumplayground.net/#/home"
}

@misc{cosmosis,
Author = {Joe Zuntz and Marc Paterno and Elise Jennings and Douglas Rudd and Alessandro Manzotti and Scott Dodelson and Sarah Bridle and Saba Sehrish and James Kowalkowski},
Title = {CosmoSIS: modular cosmological parameter estimation},
Year = {2014},
Note = {arXiv:1409.3409},
}

@TechReport{galli:exascale-bes,
  author =       "Giulia {Galli (chair)}",
  title =        "Scientific Grand Challenges: Discovery in Basic Energy Sciences: The Role of Computing at the Extreme Scale",
  institution =  "Dept. of Energy Office of Basic Energy Sciences and Office of Advanced Scientific Computing Research",
  month =        aug,
  year =         "2009",
  note =         "\url{http://www.er.doe.gov/ASCR/ProgramDocuments/Docs/BesExascaleReport.pdf}",
}

@TechReport{siegrist2018,
title = "DOE HEP Status at HEPAP - DOE Office of Science",
author = {Siegrist, J.},
month = {mar},
day = {28},
year = {2018}, 
note = {\url{https://science.energy.gov/~/media/hep/hepap/pdf/201804/JSiegrist_20180514_DOE_HEP_Status.pdf}}
}

@Misc{HL-LHC2018,
title =  "{The HL-LHC Project | High Luminosity Large Hadron Collider}", 
note = {\url{http://hilumilhc.web.cern.ch/}}
}

@Misc{DUNE2018,
title = "{Deep Underground Neutrino Experiment}",
note = {\url{http://www.dunescience.org/}}
}

@Misc{NeutrinoDet,
  title = "Neutrino Detectors",
  note = {\url{http://www.dunescience.org/neutrino-detectors/}}
  }

@Misc{Belle-II,
title="{Belle II}",
note = {\url{https://www.belle2.org/}}
}

@Misc{EU-ESCAPE,
title = "{ESCAPE -- European Science Cluster of Astronomy \& Particle physics ESFRI research infrastructures}",
note = {\url{https://projectescape.eu}}
}

@article{1611.08097,
Author = {Michael M. Bronstein and Joan Bruna and Yann LeCun and Arthur Szlam and Pierre Vandergheynst},
Title = {Geometric deep learning: going beyond Euclidean data},
Year = {2016},
Eprint = {arXiv:1611.08097},
Doi = {10.1109/MSP.2017.2693418},
}
 
@misc{1711.10275,
Author = {Benjamin Graham and Martin Engelcke and Laurens van der Maaten},
Title = {3D Semantic Segmentation with Submanifold Sparse Convolutional Networks},
Year = {2017},
Eprint = {arXiv:1711.10275},
} 
 
@TechReport{msg-passing-jets,
  title = {Neural Message Passing for Jet Physics},
  note = {\url{https://dl4physicalsciences.github.io/files/nips_dlps_2017_29.pdf}}
  }

@misc{1808.07269,
Author = { MicroBooNE collaboration},
Title = {A Deep Neural Network for Pixel-Level Electromagnetic Particle Identification in the MicroBooNE Liquid Argon Time Projection Chamber},
Year = {2018},
Eprint = {arXiv:1808.07269},
}



@misc{1810.06111,
Author = {Steven Farrell and Paolo Calafiura and Mayur Mudigonda and  Prabhat and Dustin Anderson and Jean-Roch Vlimant and Stephan Zheng and Josh Bendavid and Maria Spiropulu and Giuseppe Cerati and Lindsey Gray and Jim Kowalkowski and Panagiotis Spentzouris and Aristeidis Tsaris},
Title = {Novel deep learning methods for track reconstruction},
Year = {2018},
Eprint = {arXiv:1810.06111},
}

@misc{1706.03762,
Author = {Ashish Vaswani and Noam Shazeer and Niki Parmar and Jakob Uszkoreit and Llion Jones and Aidan N. Gomez and Lukasz Kaiser and Illia Polosukhin},
Title = {Attention Is All You Need},
Year = {2017},
Eprint = {arXiv:1706.03762},
}

@Misc{trackml-challenge,
  title =   {TrackML Particle Tracking Challenge | Kaggle},
  day = 17,
  month = jan,
  year = 2018,
  note = {\url{https://www.kaggle.com/c/trackml-particle-identification}}
  }
  
@Misc{lstm,
  title = {Long short-term memory},
  note = {{Neural Computation. 9 (8): 17351780}}
  }

@Misc{hep-on-hpc,
 title =  "{SciDAC-4: HEP Data Analytics on HPC}",
 note = {\url{http://computing.fnal.gov/hep-on-hpc/}}
 }
 
@TechReport{cnn-nips,
 title = "ImageNet Classification with Deep Convolutional Neural Networks",
 note = {\url{https://papers.nips.cc/paper/4824-imagenet-classification-with-deep-convolutional-neural-networks.pdf}}
 }
 
@misc{1604.04326,
Author = {Stephan Zheng and Yang Song and Thomas Leung and Ian Goodfellow},
Title = {Improving the Robustness of Deep Neural Networks via Stability Training},
Year = {2016},
Eprint = {arXiv:1604.04326},
}

@misc{1312.6034,
Author = {Karen Simonyan and Andrea Vedaldi and Andrew Zisserman},
Title = {Deep Inside Convolutional Networks: Visualising Image Classification Models and Saliency Maps},
Year = {2013},
Eprint = {arXiv:1312.6034},
}
 
 @article{1804.06913,
Author = {Javier Duarte and Song Han and Philip Harris and Sergo Jindariani and Edward Kreinar and Benjamin Kreis and Jennifer Ngadiuba and Maurizio Pierini and Ryan Rivera and Nhan Tran and Zhenbin Wu},
Title = {Fast inference of deep neural networks in FPGAs for particle physics},
Year = {2018},
Eprint = {arXiv:1804.06913},
Doi = {10.1088/1748-0221/13/07/P07027},
}

 @ONLINE{gnu-radio,
  title = "RFNoC Neural Network Library using Vivado HLS - GNU Radio",
  day = 5,
  month = sep,
  year = 2017,
   note = {\url{https://pubs.gnuradio.org/index.php/grcon/article/view/27}}
  }

@ONLINE{cern-contrib2017,
 title = {CERN event 587955},
 note = {\url{https://indico.cern.ch/event/587955/contributions/2937513/}}
 }
 
@misc{1712.05878,
Author = {Dustin Anderson and Jean-Roch Vlimant and Maria Spiropulu},
Title = {An MPI-Based Python Framework for Distributed Training with Keras},
Year = {2017},
Eprint = {arXiv:1712.05878},
}

@misc{1412.6651,
Author = {Sixin Zhang and Anna Choromanska and Yann LeCun},
Title = {Deep learning with Elastic Averaging SGD},
Year = {2014},
Eprint = {arXiv:1412.6651},
}

@Misc{nips-4687,
 title={Large Scale Distributed Deep Networks},
 note = {\url{http://papers.nips.cc/paper/4687-large-scale-distributed-deep-networks.pdf}}
 }

@misc{1805.08469,
Author = {Joeri Hermans and Gilles Louppe},
Title = {Gradient Energy Matching for Distributed Asynchronous Gradient Descent},
Year = {2018},
Eprint = {arXiv:1805.08469},
}

@ONLINE{nccl,
 title = {NVIDIA NCCL},
  note = {\url{https://developer.nvidia.com/nccl}}
 }
  
@ONLINE{lbannt,
 title = {Livermore Big Artificial Neural Network Toolkit},
  note = {\url{https://github.com/LLNL/lbann}}
 }

@ONLINE{sc18-presentation,
 title = {SC18 WS MLHPCE128},
  note = {\url{https://sc18.supercomputing.org/presentation/?id=ws_mlhpce128&sess=sess221}}
 }


@misc{1808.04728,
Author = {Amrita Mathuriya and Deborah Bard and Peter Mendygral and Lawrence Meadows and James Arnemann and Lei Shao and Siyu He and Tuomas Karna and Daina Moise and Simon J. Pennycook and Kristyn Maschoff and Jason Sewall and Nalini Kumar and Shirley Ho and Mike Ringenburg and  Prabhat and Victor Lee},
Title = {CosmoFlow: Using Deep Learning to Learn the Universe at Scale},
Year = {2018},
Eprint = {arXiv:1808.04728},
}

@ONLINE{lwtnn,
 title = "lwtnn GitHub",
  note = {\url{https://github.com/lwtnn/lwtnn}}
 }

@ONLINE{acts,
 title ="{acts GitLab@CERN}",
  note = {\url{https://gitlab.cern.ch/acts/acts-core}}
 }

@ONLINE{iris-hep,
 title = "IRIS-HEP",
  note = {\url{http://iris-hep.org/}}
 }

@ONLINE{hls4ml,
 title = "{GitHub - hls-fpga-machine-learning/hls4ml: Machine learning in ....}",
  note = {\url{https://github.com/hls-fpga-machine-learning/hls4ml}}
 }

@ONLINE{ecp-announce,
 title = "{ECP Announces New Co-Design Center to Focus on Exascale ....}",
 day = {20},
 month = {Jul},
 year = {2018},
  note = {\url{https://www.exascaleproject.org/ecp-announces-new-co-design-center-to-focus-on-exascale-machine-learning-technologies/}}
}

@article{1704.07983,
Author = { ATLAS Collaboration},
Title = {Performance of the ATLAS Track Reconstruction Algorithms in Dense Environments in LHC Run 2},
Year = {2017},
Eprint = {arXiv:1704.07983},
Howpublished = {Eur. Phys. J. C 77 (2017) 673},
Doi = {10.1140/epjc/s10052-017-5225-7},
}

@Booklet{ATLAS-TDR-29,
      author        = "Collaboration, ATLAS",
      title         = "{Technical Design Report for the Phase-II Upgrade of the
                       ATLAS TDAQ System}",
      institution   = "CERN",
      address       = "Geneva",
      number        = "CERN-LHCC-2017-020. ATLAS-TDR-029",
      month         = "Sep",
      year          = "2017",
      reportNumber  = "CERN-LHCC-2017-020",
      url           = "https://cds.cern.ch/record/2285584",
}

@article{ATL-ITK-INT-2019-001,
      author        = {Elsing, Markus and others},
      title         = "{Final Report of the second ITk Pixel Layout Task Force}",
      institution   = "CERN",
      collaboration = "ATLAS Collaboration",
      address       = "Geneva",
      number        = "ATL-ITK-INT-2019-001",
      month         = "Oct",
      year          = "2019",
      reportNumber  = "ATL-ITK-INT-2019-001",
      url           = "https://cds.cern.ch/record/2692192",
}

@Booklet{ATLAS-HGTD-TP,
      author        = "Collaboration, ATLAS",
      title         = "{Technical Proposal: A High-Granularity Timing Detector
                       for the ATLAS Phase-II Upgrade}",
      institution   = "CERN",
      address       = "Geneva",
      number        = "CERN-LHCC-2018-023. LHCC-P-012",
      month         = "Jun",
      year          = "2018",
      reportNumber  = "CERN-LHCC-2018-023",
      url           = "http://cds.cern.ch/record/2623663",
}

@inproceedings{ndgf,
    author = {Smirnova, Oxana and Behrmann, Gerd and Gr{\o}nager, Michael and Johansson, Daniel and Kleist, Josva and Konstantinov, Aleksandr and K{\'o}nya, Bal{\'a}zs and Jensen, Henrik},
    year = {2011},
    month = {12},
    pages = {181-188},
    title = "{Building and Operating a Distributed Regional Centre for LHC Computing and Data Storage}",
    booktitle = {Proceedings of the 7th IEEE International Conference on e-Science and Grid Computing},
    doi = {10.1109/eScience.2011.33}
}

@ONLINE{wlcg-mou,
 title = "{WLCG Memorandum of Understanding}",
  note = {\url{https://wlcg.web.cern.ch/mou}}
 }

% reconstruction section referenes

@techreport{ATL-PHYS-PUB-2019-041,
      title         = "{Fast Track Reconstruction for HL-LHC}",
      institution   = "CERN",
      collaboration = "ATLAS Collaboration",
      address       = "Geneva",
      number        = "ATL-PHYS-PUB-2019-041",
      month         = "Oct",
      year          = "2019",
      reportNumber  = "ATL-PHYS-PUB-2019-041",
      url           = "https://cds.cern.ch/record/2693670",
}

@article{Aad:2014yva,
      author         = "Aad, Georges and others",
      title          = "{A neural network clustering algorithm for the ATLAS
                        silicon pixel detector}",
      collaboration  = "ATLAS",
      journal        = "JINST",
      volume         = "9",
      year           = "2014",
      pages          = "P09009",
      doi            = "10.1088/1748-0221/9/09/P09009",
      eprint         = "1406.7690",
      archivePrefix  = "arXiv",
      primaryClass   = "hep-ex",
      reportNumber   = "CERN-PH-EP-2014-120",
      SLACcitation   = "%%CITATION = ARXIV:1406.7690;%%"
}

@techreport{ATL-PHYS-PUB-2019-014,
      title         = "{Expected Tracking Performance of the ATLAS Inner Tracker
                       at the HL-LHC}",
      institution   = "CERN",
      collaboration = "ATLAS Collaboration",
      address       = "Geneva",
      number        = "ATL-PHYS-PUB-2019-014",
      month         = "Mar",
      year          = "2019",
      reportNumber  = "ATL-PHYS-PUB-2019-014",
      url           = "https://cds.cern.ch/record/2669540",
}

%Reconstruction, extra
@article{Aaij:2016rxn,
      author         = "{LHCb Collaboration}",
      title          = "{Tesla : an application for real-time data analysis in
                        High Energy Physics}",
      journal        = "Comput. Phys. Commun.",
      volume         = "208",
      year           = "2016",
      pages          = "35-42",
      doi            = "10.1016/j.cpc.2016.07.022",
      eprint         = "1604.05596",
      archivePrefix  = "arXiv",
      primaryClass   = "physics.ins-det",
      reportNumber   = "CERN-LHCB-DP-2016-001",
      SLACcitation   = "%%CITATION = ARXIV:1604.05596;%%"
}


@article{Khachatryan:2016ecr,
      author         = "{CMS Collaboration}",
      title          = "{Search for narrow resonances in dijet final states at
                        $\sqrt(s)=$ 8 TeV with the novel CMS technique of data
                        scouting}",
      journal        = "Phys. Rev. Lett.",
      volume         = "117",
      year           = "2016",
      number         = "3",
      pages          = "031802",
      doi            = "10.1103/PhysRevLett.117.031802",
      eprint         = "1604.08907",
      archivePrefix  = "arXiv",
      primaryClass   = "hep-ex",
      reportNumber   = "CMS-EXO-14-005, CERN-EP-2016-090",
      SLACcitation   = "%%CITATION = ARXIV:1604.08907;%%"
}


@techreport{amsg3,
      title         = "{The Analysis Model Study Group for Run-3 (AMSG-R3)}",
      institution   = "CERN",
      collaboration = "ATLAS Collaboration",
      address       = "Geneva",
      number        = "ATL-COM-SOFT-2019-027",
      month         = "Apr",
      year          = "2019",
      reportNumber  = "ATL-COM-SOFT-2019-027",
      url           = "https://cds.cern.ch/record/2672527/"
}

@inproceedings{ishap:2015,
    author         = {Shapoval, Illya and Clemencic, Marco and Hegner, Benedikt and Funke, Daniel and Piparo, Daniel and Mato, Pere},
    booktitle      = {2015 IEEE Nuclear Science Symposium and Medical Imaging Conference (NSS/MIC)},
    title          = {Graph-based decision making for task scheduling in concurrent Gaudi},
    year           = {2015},
    pages          = {1-3},
    doi            = {10.1109/NSSMIC.2015.7581843}
}

@phdthesis{ishap:2016,
      author         = "{Shapoval, Illya}",
      title         = "{Adaptive scheduling applied to non-deterministic networks of heterogeneous tasks for peak throughput in concurrent Gaudi}",
      institution   = "{CERN/UNIFE}",
      school        = "CERN/UNIFE",
      number        = "CERN-THESIS-2016-028",
      reportNumber  = "CERN-THESIS-2016-028",
      url           = "http://cds.cern.ch/record/2149420",
      year          = "2016"
}

%Compression with ML

@misc{CompressionThesis,
  author       = {Wulff, Eric},
  note         = {Lund University Master's Thesis Student Paper},
  title        = {Deep Autoencoders for Compression in High Energy Physics},
  year         = {2020},
}
