@article{ref:atmos2_1,
author = {Fukuda, Y. and others},
collaboration = {Super-Kamiokande Collaboration},
title="Evidence for Oscillation of Atmospheric Neutrinos",
journal = {Phys. Rev. Lett.},
volume = {81},
pages = {1562},
year = {1998}
}

@article{ref:atmos2_2,
 author = {Ashie, Y. and others},
 collaboration = {Super-Kamiokande Collaboration}, 
 title="Evidence for an Oscillatory Signature in Atmospheric Neutrino Oscillations",
 journal = {Phys. Rev. Lett.},
 volume = {93}, 
 pages = {101801},
 year = {2004}
} 

@article{ref:atmos2_3,
 author = "Ashie, Y. and others",
 collaboration = {Super-Kamiokande Collaboration}, 
 title="Measurement of atmospheric neutrino oscillation parameters by Super-Kamiokande I",
 journal = "Phys. Rev. D",
 volume = "71", 
 pages = "112005",
 year =  "2005"
} 

@article{ref:atmos2_4,
 author = "Abe, K. and others",
 collaboration = {Super-Kamiokande Collaboration}, 
 title="Search for Differences in Oscillation Parameters for Atmospheric Neutrinos and Antineutrinos at Super-Kamiokande",
 journal = "Phys. Rev. Lett.",
 volume = "107", 
 pages = "241801",
 year =  "2011"
}

@article{ref:sno_1,
 author = "Ahmed, S. N. and others",
 collaboration = {SNO Collaboration},
title="Measurement of the Total Active $^8${B} Solar Neutrino Flux at the Sudbury Neutrino Observatory with Enhanced Neutral Current Sensitivity",
 journal =  "Phys. Rev. Lett.",
 volume = "92",
 pages = "181301",
 year = "2004"
} 

@article{ref:sno_2,
 author = "Ahmad, Q. R. and others",
 collaboration = {SNO Collaboration}, 
 title="Direct Evidence for Neutrino Flavor Transformation from Neutral-Current Interactions in the Sudbury Neutrino Observatory",
 journal = "Phys. Rev. Lett.",
 volume =  "89", 
 pages = "011301",
 year =  "2002"
}

@article{ref:minosdisappear_1,
 author = "Adamson, P. and others",
 collaboration = {MINOS Collaboration}, 
 title="Measurement of the Neutrino Mass Splitting and Flavor Mixing by MINOS",
 journal = "Phys. Rev. Lett.",
 volume = "106", 
 pages = "181801", 
 year = "2011"
}
 
@article{ref:minosdisappear_2,
 author = "Adamson, P. and others",
 collaboration = {MINOS Collaboration},
 title="Measurement of Neutrino Oscillations with the MINOS Detectors in the NuMI Beam",
 journal = "Phys. Rev. Lett.",
 volume = "101",
 pages = "131802",
 year = "2008"
} 

@article{ref:minosdisappear_3,
 author = "Adamson, P. and others",
 collaboration = {MINOS Collaboration},
 title="Study of muon neutrino disappearance using the Fermilab Main Injector neutrino beam",
 journal =  "Phys. Rev. D",
 volume = "77", 
 pages = "072002",
 year = "2008"
}

@article{ref:minosdisappear_4,
 author = "Michael, D. G. and others", 
 collaboration = {MINOS Collaboration}, 
 title="Observation of Muon Neutrino Disappearance with the MINOS Detectors in the NuMI Neutrino Beam",
 journal = "Phys. Rev. Lett.",
 volume = "97",
 pages = "191801",
 year =  "2006"
}


@article{ref:minosnue,
      author         = "Adamson, P. and others",
      collaboration  = {MINOS Collaboration},
      journal        = "Phys. Rev. Lett.",
      title="Electron Neutrino and Antineutrino Appearance in the Full MINOS Data Sample",
      volume         = "110",
      year           = "2013",
      number         = "17",
      pages          = "171801"
}

@article{ref:superktau,
      author         = "Abe, K. and others",
      collaboration  = {Super-Kamiokande Collaboration},
      title="Evidence for the Appearance of Atmospheric Tau Neutrinos in Super-Kamiokande",
      journal        = "Phys. Rev. Lett.",
      volume         = "110",
      year           = "2013",
      number         = "18",
      pages          = "181802"
      
}

@article{ref:kamland_1,
 author = "Abe, S. and others",
 collaboration = {KamLAND Collaboration},
 title="Precision Measurement of Neutrino Oscillation Parameters with KamLAND",
 journal = "Phys. Rev. Lett.",
 volume = "100", 
 pages = "221803",
 year = "2008"
}

@article{ref:kamland_2,
 author = "Araki, T. and others",
 collaboration = {KamLAND Collaboration},
 title="Measurement of Neutrino Oscillation with KamLAND: Evidence of Spectral Distortion",
 journal = "Phys. Rev. Lett.",
 volume =  "94", 
 pages = "081801",
 year = "2005"
} 

@article{ref:novaprls,
 author = "Adamson, P. and others",
 collaboration = "NOvA Collaboration",
 title="First Measurement of Electron Neutrino Appearance in NOvA",
 journal = "Phys. Rev. Lett.", 
 volume = "116",
 pages = "151806",
 year = "2016"
}

@article{ref:opera,
 author = "Agafonova, N. and others",
 collaboration = {OPERA Collaboration},
 title="Discovery of $\tau$ Neutrino Appearance in the CNGS Neutrino Beam with the OPERA Experiment",
 journal = "Phys. Rev. Lett.",
 volume = "115",
 pages =  "121802", 
 year = "2015"
}

@article{ref:dayabay,
 author = "An, F. P. and others",
 collaboration = {Daya Bay Collaboration}, 
 title="Observation of Electron-Antineutrino Disappearance at Daya Bay",
 journal = "Phys. Rev. Lett.",
 volume = "108",
 pages =  "171803",
 year =  "2012"
}


@article{ref:reno,
 author = "Ahn, J. K. and others",
 collaboration = {RENO Collaboration}, 
 title="Observation of Reactor Electron Antineutrinos Disappearance in the RENO Experiment",
 journal = "Phys. Rev. Lett.",
 volume = "108", 
 pages = "191802", 
 year = "2012"
}

@article{ref:doublechooz,
 author = "Abe, Y. and others",
 collaboration = {Double Chooz Collaboration},
 title="Indication of Reactor electron antineutrino Disappearance in the Double Chooz Experiment",
 journal = "Phys. Rev. Lett.",
 volume = "108", 
 pages = "131801", 
 year = "2012"
}

@article{ref:T2K,
 author = "Abe, K. and others",
 collaboration = {T2K Collaboration}, 
 title="Indication of Electron Neutrino Appearance from an Accelerator-Produced Off-Axis Muon Neutrino Beam",
 journal = "Phys. Rev. Lett.",
 volume = "107",
 pages = "041801", 
 year = "2011"
}


@article{ref:dayabay_1,
  title = {New Measurement of Antineutrino Oscillation with the Full Detector Configuration at Daya Bay},
  author = {An, F. P. et al.},
  collaboration = {Daya Bay Collaboration},
  journal = {Phys. Rev. Lett.},
  volume = {115},
  issue = {11},
  pages = {111802},
  numpages = {8},
  year = {2015},
  month = {Sep},
  publisher = {American Physical Society},
  doi = {10.1103/PhysRevLett.115.111802},
  url = {http://link.aps.org/doi/10.1103/PhysRevLett.115.111802}
}

@unpub{ref:nova_nc,
 title = {First search for active-sterile neutrino oscillations using measurements of neutral current interactions in NOvA},
 author = "Adamson, P. and others",
 collaboration = "NOvA Collaboration",
 note="In preparation, to be submitted to Phys. Rev. D Rapid Communications"
 }

@article{ref:sno,
  title = {Combined analysis of all three phases of solar neutrino data from the Sudbury Neutrino Observatory},
  author = {Aharmim, B. and Ahmed, S. N. and Anthony, A. E. and Barros, N. and Beier, E. W. and Bellerive, A. and Beltran, B. and Bergevin, M. and Biller, S. D. and Boudjemline, K. and Boulay, M. G. and Cai, B. and Chan, Y. D. and Chauhan, D. and Chen, M. and Cleveland, B. T. and Cox, G. A. and Dai, X. and Deng, H. and Detwiler, J. A. and DiMarco, M. and Doe, P. J. and Doucas, G. and Drouin, P.-L. and Duncan, F. A. and Dunford, M. and Earle, E. D. and Elliott, S. R. and Evans, H. C. and Ewan, G. T. and Farine, J. and Fergani, H. and Fleurot, F. and Ford, R. J. and Formaggio, J. A. and Gagnon, N. and Goon, J. TM. and Graham, K. and Guillian, E. and Habib, S. and Hahn, R. L. and Hallin, A. L. and Hallman, E. D. and Harvey, P. J. and Hazama, R. and Heintzelman, W. J. and Heise, J. and Helmer, R. L. and Hime, A. and Howard, C. and Huang, M. and Jagam, P. and Jamieson, B. and Jelley, N. A. and Jerkins, M. and Keeter, K. J. and Klein, J. R. and Kormos, L. L. and Kos, M. and Kraus, C. and Krauss, C. B. and Kruger, A and Kutter, T. and Kyba, C. C. M. and Lange, R. and Law, J. and Lawson, I. T. and Lesko, K. T. and Leslie, J. R. and Loach, J. C. and MacLellan, R. and Majerus, S. and Mak, H. B. and Maneira, J. and Martin, R. and McCauley, N. and McDonald, A. B. and McGee, S. R. and Miller, M. L. and Monreal, B. and Monroe, J. and Nickel, B. G. and Noble, A. J. and O'Keeffe, H. M. and Oblath, N. S. and Ollerhead, R. W. and Orebi Gann, G. D. and Oser, S. M. and Ott, R. A. and Peeters, S. J. M. and Poon, A. W. P. and Prior, G. and Reitzner, S. D. and Rielage, K. and Robertson, B. C. and Robertson, R. G. H. and Rosten, R. C. and Schwendener, M. H. and Secrest, J. A. and Seibert, S. R. and Simard, O. and Simpson, J. J. and Skensved, P. and Sonley, T. J. and Stonehill, L. C. and Te\ifmmode \check{s}\else \v{s}\fi{}i\ifmmode \acute{c}\else \'{c}\fi{}, G. and Tolich, N. and Tsui, T. and Van Berg, R. and VanDevender, B. A. and Virtue, C. J. and Wan Chan Tseung, H. and Wark, D. L. and Watson, P. J. S. and Wendland, J. and West, N. and Wilkerson, J. F. and Wilson, J. R. and Wouters, J. M. and Wright, A. and Yeh, M. and Zhang, F. and Zuber, K.},
  collaboration = {SNO Collaboration},
  journal = {Phys. Rev. C},
  volume = {88},
  issue = {2},
  pages = {025501},
  numpages = {27},
  year = {2013},
  month = {Aug},
  publisher = {American Physical Society},
  doi = {10.1103/PhysRevC.88.025501},
  url = {http://link.aps.org/doi/10.1103/PhysRevC.88.025501}
}

@article{Qian_2018,
	doi = {10.1088/1748-0221/13/05/p05032},
	url = {https://doi.org/10.1088%2F1748-0221%2F13%2F05%2Fp05032},
	year = 2018,
	month = {may},
	publisher = {{IOP} Publishing},
	volume = {13},
	number = {05},
	pages = {P05032--P05032},
	author = {X. Qian and C. Zhang and B. Viren and M. Diwan},
	title = {Three-dimensional imaging for large {LArTPCs}},
	journal = {Journal of Instrumentation},
	annote = {High-performance event reconstruction is critical for current and   future massive liquid argon time projection chambers (LArTPCs) to realize their full scientific potential. LArTPCs with readout using wire planes provide a limited number of 2D projections.   In general,  without a pixel-type readout it is challenging to achieve unambiguous 3D event reconstruction.   As a remedy, we present a novel 3D imaging method, Wire-Cell,   which incorporates the charge and sparsity information in addition   to the time and geometry through simple and robust   mathematics. The resulting 3D image of ionization density provides an excellent starting point for further reconstruction and enables the true power of 3D tracking   calorimetry in LArTPCs.}
}

@article{ref:t2k_1,
  title = {Measurements of neutrino oscillation in appearance and disappearance channels by the T2K experiment with $6.6\ifmmode\times\else\texttimes\fi{}1{0}^{20}$ protons on target},
  author = {Abe, K. and others},
  collaboration = {T2K Collaboration},
  journal = {Phys. Rev. D},
  volume = {91},
  issue = {7},
  pages = {072010},
  numpages = {50},
  year = {2015},
  month = {Apr},
  publisher = {American Physical Society},
  doi = {10.1103/PhysRevD.91.072010},
  url = {http://link.aps.org/doi/10.1103/PhysRevD.91.072010}
}

@article{ref:minos,
  title = {Combined Analysis of ${\ensuremath{\nu}}_{\ensuremath{\mu}}$ Disappearance and ${\ensuremath{\nu}}_{\ensuremath{\mu}}\ensuremath{\rightarrow}{\ensuremath{\nu}}_{e}$ Appearance in MINOS Using Accelerator and Atmospheric Neutrinos},
  author = {Adamson, P. and Anghel, I. and Aurisano, A. and Barr, G. and Bishai, M. and Blake, A. and Bock, G. J. and Bogert, D. and Cao, S. V. and Castromonte, C. M. and Cherdack, D. and Childress, S. and Coelho, J. A. B. and Corwin, L. and Cronin-Hennessy, D. and de Jong, J. K. and Devan, A. V. and Devenish, N. E. and Diwan, M. V. and Escobar, C. O. and Evans, J. J. and Falk, E. and Feldman, G. J. and Frohne, M. V. and Gallagher, H. R. and Gomes, R. A. and Goodman, M. C. and Gouffon, P. and Graf, N. and Gran, R. and Grzelak, K. and Habig, A. and Hahn, S. R. and Hartnell, J. and Hatcher, R. and Himmel, A. and Holin, A. and Huang, J. and Hylen, J. and Irwin, G. M. and Isvan, Z. and James, C. and Jensen, D. and Kafka, T. and Kasahara, S. M. S. and Koizumi, G. and Kordosky, M. and Kreymer, A. and Lang, K. and Ling, J. and Litchfield, P. J. and Lucas, P. and Mann, W. A. and Marshak, M. L. and Mayer, N. and McGivern, C. and Medeiros, M. M. and Mehdiyev, R. and Meier, J. R. and Messier, M. D. and Michael, D. G. and Miller, W. H. and Mishra, S. R. and Moed Sher, S. and Moore, C. D. and Mualem, L. and Musser, J. and Naples, D. and Nelson, J. K. and Newman, H. B. and Nichol, R. J. and Nowak, J. A. and O'Connor, J. and Orchanian, M. and Pahlka, R. B. and Paley, J. and Patterson, R. B. and Pawloski, G. and Perch, A. and Phan-Budd, S. and Plunkett, R. K. and Poonthottathil, N. and Qiu, X. and Radovic, A. and Rebel, B. and Rosenfeld, C. and Rubin, H. A. and Sanchez, M. C. and Schneps, J. and Schreckenberger, A. and Schreiner, P. and Sharma, R. and Sousa, A. and Tagg, N. and Talaga, R. L. and Thomas, J. and Thomson, M. A. and Tian, X. and Timmons, A. and Tognini, S. C. and Toner, R. and Torretta, D. and Tzanakos, G. and Urheim, J. and Vahle, P. and Viren, B. and Weber, A. and Webb, R. C. and White, C. and Whitehead, L. and Whitehead, L. H. and Wojcicki, S. G. and Zwaska, R.},
  journal = {Phys. Rev. Lett.},
  volume = {112},
  issue = {19},
  pages = {191801},
  numpages = {6},
  year = {2014},
  month = {May},
  publisher = {American Physical Society},
  doi = {10.1103/PhysRevLett.112.191801},
  url = {http://link.aps.org/doi/10.1103/PhysRevLett.112.191801}
}

@article{ref:doublechooz_2013,
      author         = "Abe, Y. and others",
      title          = "{Direct Measurement of Backgrounds using Reactor-Off Data
                        in Double Chooz}",
      collaboration  = "Double Chooz",
      journal        = "Phys. Rev.",
      volume         = "D87",
      year           = "2013",
      number         = "1",
      pages          = "011102",
      doi            = "10.1103/PhysRevD.87.011102",
      eprint         = "1210.3748",
      archivePrefix  = "arXiv",
      primaryClass   = "hep-ex",
      SLACcitation   = "%%CITATION = ARXIV:1210.3748;%%"
}

@article{ref:reno_2016,
  title = {Observation of Energy and Baseline Dependent Reactor Antineutrino Disappearance in the RENO Experiment},
  author = {Choi, J. H. and Choi, W. Q. and Choi, Y. and Jang, H. I. and Jang, J. S. and Jeon, E. J. and Joo, K. K. and Kim, B. R. and Kim, H. S. and Kim, J. Y. and Kim, S. B. and Kim, S. Y. and Kim, W. and Kim, Y. D. and Ko, Y. and Lee, D. H. and Lim, I. T. and Pac, M. Y. and Park, I. G. and Park, J. S. and Park, R. G. and Seo, H. and Seo, S. H. and Seon, Y. G. and Shin, C. D. and Siyeon, K. and Yang, J. H. and Yeo, I. S. and Yu, I.},
  collaboration = {RENO Collaboration},
  journal = {Phys. Rev. Lett.},
  volume = {116},
  issue = {21},
  pages = {211801},
  numpages = {6},
  year = {2016},
  month = {May},
  publisher = {American Physical Society},
  doi = {10.1103/PhysRevLett.116.211801},
  url = {http://link.aps.org/doi/10.1103/PhysRevLett.116.211801}
}


@article{Aguilar:2013prd,
  title = {First measurement of the muon anti-neutrino double-differential charged-current quasielastic cross section},
  author = "Aguilar-Arevalo, A.A. and others",
  journal = {Phys. Rev. D},
  volume = {88},
  issue = {3},
  numpages = {31},
  year = {2013},
  month = {Aug},
  publisher = {American Physical Society},
  doi = {10.1103/PhysRevD.88.032001},
}

@article{Rodrigues:2016prl,
  title = {Identification of nuclear Effects in Neutrino-Carbon Interactions at Low Three-Momentum Transfer},
  author = "Rodrigues, P. and others",
  journal = {Phys. Rev. Lett.},
  volume = {116},
  issue = {7},
  numpages = {6},
  year = {2016},
  month = {Feb},
  publisher = {American Physical Society},
  doi = {10.1103/PhysRevLett.116.071802},
}
@article{Benhar:2014jmodphys,
  title = {Confronting  electron and neutrino-nucleus interactions: Can the axial mass anomaly be resolved?},
  author = {Benhar, Omar},
  journal = {Jour. Mod. Phys.},
  volume = {23},
  issue = {4},
  pages = {1--19},
  numpages = {19},
  year = {2014},
  month = {Apr},
  publisher = {World Scientific},
  doi = {10.1142/SO218301314300057}
}

@TechReport{nova_dm_plan,
      author         = "Norman, A. and others",
      title          = "Policies on the Retention, Archiving and Dissemination of Data for the NOvA Experiment (FNALCE929)",
      collaboration  = "NOvA",
  institution =  "Fermilab",
  year = 	 "2015",
  key = 	 "NOvA-DocDB-13969-v2",
  annote = 	 "http://nova-docdb.fnal.gov/cgi-bin/ShowDocument?docid=13969"
}

@article{feldman_cousins,
  title = {Unified approach to the classical statistical analysis of small signals},
  author = {Feldman, Gary J. and Cousins, Robert D.},
  journal = {Phys. Rev. D},
  volume = {57},
  issue = {7},
  pages = {3873--3889},
  numpages = {0},
  year = {1998},
  month = {Apr},
  publisher = {American Physical Society},
  doi = {10.1103/PhysRevD.57.3873},
  url = {http://link.aps.org/doi/10.1103/PhysRevD.57.3873}
}


@article{Adamson:2017qqn,
      author         = "Adamson, P. and others",
      title          = "{Measurement of the neutrino mixing angle $\theta_{23}$
                        in NOvA}",
      collaboration  = "NOvA",
      journal        = "Submitted to: Phys. Rev. Lett.",
      year           = "2017",
      eprint         = "1701.05891",
      archivePrefix  = "arXiv",
      primaryClass   = "hep-ex",
      reportNumber   = "FERMILAB-PUB-17-019-ND",
      SLACcitation   = "%%CITATION = ARXIV:1701.05891;%%"
}

@article{Adamson:2016tbq,
      author         = "Adamson, P. and others",
      title          = "{First measurement of electron neutrino appearance in
                        NOvA}",
      collaboration  = "NOvA",
      journal        = "Phys. Rev. Lett.",
      volume         = "116",
      year           = "2016",
      number         = "15",
      pages          = "151806",
      doi            = "10.1103/PhysRevLett.116.151806",
      eprint         = "1601.05022",
      archivePrefix  = "arXiv",
      primaryClass   = "hep-ex",
      reportNumber   = "FERMILAB-PUB-15-262-ND",
      SLACcitation   = "%%CITATION = ARXIV:1601.05022;%%"
}

@article{Adamson:2016xxw,
      author         = "Adamson, P. and others",
      title          = "{First measurement of muon-neutrino disappearance in
                        NOvA}",
      collaboration  = "NOvA",
      journal        = "Phys. Rev.",
      volume         = "D93",
      year           = "2016",
      number         = "5",
      pages          = "051104",
      doi            = "10.1103/PhysRevD.93.051104",
      eprint         = "1601.05037",
      archivePrefix  = "arXiv",
      primaryClass   = "hep-ex",
      reportNumber   = "FERMILAB-PUB-16-007-ND",
      SLACcitation   = "%%CITATION = ARXIV:1601.05037;%%"
}

@article{nova_tdr,
      author         = "Ayres, D.S. and others",
      title          = "{The NOvA Technical Design Report}",
      collaboration  = "NOvA Collaboration",
      year           = "2007",
      reportNumber   = "FERMILAB-DESIGN-2007-01",
      SLACcitation   = "%%CITATION = FERMILAB-DESIGN-2007-01 ETC.;%%",
}

@article{Sjostrand:2014zea,
      author         = "Sjostrand, Torbjorn and Ask, Stefan and Christiansen,
                        Jesper R. and Corke, Richard and Desai, Nishita and Ilten,
                        Philip and Mrenna, Stephen and Prestel, Stefan and
                        Rasmussen, Christine O. and Skands, Peter Z.",
      title          = "{An Introduction to PYTHIA 8.2}",
      journal        = "Comput. Phys. Commun.",
      volume         = "191",
      year           = "2015",
      pages          = "159-177",
      doi            = "10.1016/j.cpc.2015.01.024",
      eprint         = "1410.3012",
      archivePrefix  = "arXiv",
      primaryClass   = "hep-ph",
      reportNumber   = "LU-TP-14-36, MCNET-14-22, CERN-PH-TH-2014-190,
                        FERMILAB-PUB-14-316-CD, DESY-14-178, SLAC-PUB-16122",
      SLACcitation   = "%%CITATION = ARXIV:1410.3012;%%"
}


@article{Alwall:2011uj,
      author         = "Alwall, Johan and Herquet, Michel and Maltoni, Fabio and
                        Mattelaer, Olivier and Stelzer, Tim",
      title          = "{MadGraph 5 : Going Beyond}",
      journal        = "JHEP",
      volume         = "06",
      year           = "2011",
      pages          = "128",
      doi            = "10.1007/JHEP06(2011)128",
      eprint         = "1106.0522",
      archivePrefix  = "arXiv",
      primaryClass   = "hep-ph",
      reportNumber   = "FERMILAB-PUB-11-448-T",
      SLACcitation   = "%%CITATION = ARXIV:1106.0522;%%"
}


@article{Buckley:2010ar,
      author         = "Buckley, Andy and Butterworth, Jonathan and Lonnblad,
                        Leif and Grellscheid, David and Hoeth, Hendrik and Monk,
                        James and Schulz, Holger and Siegert, Frank",
      title          = "{Rivet user manual}",
      journal        = "Comput. Phys. Commun.",
      volume         = "184",
      year           = "2013",
      pages          = "2803-2819",
      doi            = "10.1016/j.cpc.2013.05.021",
      eprint         = "1003.0694",
      archivePrefix  = "arXiv",
      primaryClass   = "hep-ph",
      reportNumber   = "MCNET-10-03",
      SLACcitation   = "%%CITATION = ARXIV:1003.0694;%%"
}



@article{Chatrchyan:2008aa,
      author         = "Chatrchyan, S. and others",
      title          = "{The CMS Experiment at the CERN LHC}",
      collaboration  = "CMS",
      journal        = "JINST",
      volume         = "3",
      year           = "2008",
      pages          = "S08004",
      doi            = "10.1088/1748-0221/3/08/S08004",
      SLACcitation   = "%%CITATION = JINST,3,S08004;%%"
}

@article{Acciarri:2016smi,
      author         = "Acciarri, R. and others",
      title          = "{Design and Construction of the MicroBooNE Detector}",
      collaboration  = "MicroBooNE",
      journal        = "Submitted to: JINST",
      year           = "2016",
      eprint         = "1612.05824",
      archivePrefix  = "arXiv",
      primaryClass   = "physics.ins-det",
      reportNumber   = "FERMILAB-PUB-16-613-ND",
      SLACcitation   = "%%CITATION = ARXIV:1612.05824;%%"
}

@article{Buckley:2009bj,
      author         = "Buckley, Andy and Hoeth, Hendrik and Lacker, Heiko and
                        Schulz, Holger and von Seggern, Jan Eike",
      title          = "{Systematic event generator tuning for the LHC}",
      journal        = "Eur. Phys. J.",
      volume         = "C65",
      year           = "2010",
      pages          = "331-357",
      doi            = "10.1140/epjc/s10052-009-1196-7",
      eprint         = "0907.2973",
      archivePrefix  = "arXiv",
      primaryClass   = "hep-ph",
      reportNumber   = "IPPP-09-52, DCPT-104-22, LU-TP-09-18, HU-EP-09-33,
                        MCNET-09-14",
      SLACcitation   = "%%CITATION = ARXIV:0907.2973;%%"
}

@article{Green:2012gv,
      author         = "Green, C. and Kowalkowski, J. and Paterno, M. and
                        Fischler, M. and Garren, L. and Lu, Q.",
      title          = "{The Art Framework}",
      booktitle      = "{Proceedings, 19th International Conference on Computing
                        in High Energy and Nuclear Physics (CHEP 2012): New York,
                        USA, May 21-25, 2012}",
      journal        = "J. Phys. Conf. Ser.",
      volume         = "396",
      year           = "2012",
      pages          = "022020",
      doi            = "10.1088/1742-6596/396/2/022020",
      reportNumber   = "FERMILAB-PUB-12-301-CD",
      SLACcitation   = "%%CITATION = 00462,396,022020;%%"
}

@article{cmss,
  author = "Jones, C. D. and Paterno M. and Kowalkowski J. and Sexton-Kennedy, L. and Tanenbaum W.",
  title = "{The New CMS Event Data Model and Framework}",
  booktitle = "{Proceedings, 15th International Conference on Computing in High Energy and Nuclear Physics (CHEP 2006); Mumbai, India, Feb 13-17, 2006}",
  journal = "J. Phys. Conf. Ser."
}
@article{PhysRevD.93.072004,
  title = {Measurement of the top quark mass using proton-proton data at $\sqrt{(}s)=7$ and 8 TeV},
  author = {Khachatryan, V. and others},
  collaboration = {CMS Collaboration},
  journal = {Phys. Rev. D},
  volume = {93},
  issue = {7},
  pages = {072004},
  numpages = {37},
  year = {2016},
  month = {Apr},
  publisher = {American Physical Society},
  doi = {10.1103/PhysRevD.93.072004},
  url = {http://link.aps.org/doi/10.1103/PhysRevD.93.072004}
}
@article{Aaboud:2017svj,
      author         = "Aaboud, Morad and others",
      title          = "{Measurement of the $W$-boson mass in pp collisions at
                        $\sqrt{s}=7$ TeV with the ATLAS detector}",
      collaboration  = "ATLAS",
      year           = "2017",
      eprint         = "1701.07240",
      archivePrefix  = "arXiv",
      primaryClass   = "hep-ex",
      reportNumber   = "CERN-EP-2016-305",
      SLACcitation   = "%%CITATION = ARXIV:1701.07240;%%"
}

@article{Skands:2014pea,
      author         = "Skands, Peter and Carrazza, Stefano and Rojo, Juan",
      title          = "{Tuning PYTHIA 8.1: the Monash 2013 Tune}",
      journal        = "Eur. Phys. J.",
      volume         = "C74",
      year           = "2014",
      number         = "8",
      pages          = "3024",
      doi            = "10.1140/epjc/s10052-014-3024-y",
      eprint         = "1404.5630",
      archivePrefix  = "arXiv",
      primaryClass   = "hep-ph",
      reportNumber   = "CERN-PH-TH-2014-069, MCNET-14-08, OUTP-14-05P",
      SLACcitation   = "%%CITATION = ARXIV:1404.5630;%%"
}

@article{Aad:2016upy,
      author         = "{ATLAS Collaboration}",
      title          = "{Topological cell clustering in the ATLAS calorimeters
                        and its performance in LHC Run 1}",
      journal        = "Eur. Phys. J.",
      volume         = "C77",
      year           = "2017",
      pages          = "490",
      doi            = "10.1140/epjc/s10052-017-5004-5",
      eprint         = "1603.02934",
      archivePrefix  = "arXiv",
      primaryClass   = "hep-ex",
      reportNumber   = "CERN-PH-EP-2015-304",
      SLACcitation   = "%%CITATION = ARXIV:1603.02934;%%"
}
