
@ONLINE{ref:atlas-public-ed,
    title = {{ATLAS Public Event Displays}},
    note = {\url{https://twiki.cern.ch/twiki/bin/view/AtlasPublic/EventDisplayRun2Physics}}
}

@ONLINE{ref:hsf-cwp-viz,
    title = {{HEP Software Foundation Community White Paper Working Group --- Visualization}},
    note  = {\url{https://arxiv.org/abs/1811.10309}}
}
@ONLINE{ref:vp1-web,
    title = {{VP1, the ATLAS 3D Event Display}},
    note  = {\url{https://atlas-vp1.web.cern.ch}}
}
@ONLINE{ref:atlantis-web,
    title = {{Atlantis, Event display for ATLAS}},
    note  = {\url{http://atlantis.web.cern.ch/atlantis/}}
}
@ONLINE{ref:phoenix-web,
    title = {{PHOENIX, Application for visualizing High Energy Physics data}},
    note  = {\url{https://hepsoftwarefoundation.org/phoenix/}}
}

@article{ref:atlas-event-visualization,
      author         = "Bianchi, R M and Boudreau, J and Konstantinidis, N and Martyniuk, A C and Moyse, E and Thomas, J and Waugh, B M and Yallup, D P",
      title          = "{Event visualization in ATLAS}",
      journal        = "J. Phys.: Conf. Ser. ",
      volume         = "898 ",
      year           = "2017",
      doi            = "10.1088/1742-6596/898/7/072014",
      note           = "{(on behalf of the ATLAS Collaboration)}"
}

@misc{hepix_nfv_working_group_2019_3565563,
  author       = {HEPiX NFV Working Group},
  title        = {{HEPiX Network Functions Virtualisation Working 
                   Group Report}},
  month        = dec,
  year         = 2019,
  publisher    = {Zenodo},
  version      = {1.0},
  doi          = {10.5281/zenodo.3565563},
  url          = {https://doi.org/10.5281/zenodo.3565563}
}

